<collection xmlns="http://www.loc.gov/MARC21/slim">
   <record>
      <leader>05069cam a2200613Iu 4500</leader>
      <controlfield tag="001">6659357</controlfield>
      <controlfield tag="003">DcWaAPA</controlfield>
      <controlfield tag="005">20140702155151.0</controlfield>
      <controlfield tag="006">m     o  d        </controlfield>
      <controlfield tag="007">cr</controlfield>
      <controlfield tag="008">140702s2015    dcu     ob    001 0 eng d</controlfield>
      <datafield ind1=" " ind2=" " tag="020">
         <subfield code="a">9781433816994 (electronic bk.)</subfield>
      </datafield>
      <datafield ind1=" " ind2=" " tag="020">
         <subfield code="a">1433816997 (electronic bk.)</subfield>
      </datafield>
      <datafield ind1=" " ind2=" " tag="020">
         <subfield code="a">9781433817038 (electronic bk.)</subfield>
      </datafield>
      <datafield ind1=" " ind2=" " tag="020">
         <subfield code="a">1433817039 (electronic bk.)</subfield>
      </datafield>
      <datafield ind1=" " ind2=" " tag="035">
         <subfield code="a">ocn882555920</subfield>
      </datafield>
      <datafield ind1=" " ind2=" " tag="039">
         <subfield code="a">exclude</subfield>
      </datafield>
      <datafield ind1=" " ind2=" " tag="040">
         <subfield code="a">DcWaAPA</subfield>
         <subfield code="d">AEU</subfield>
      </datafield>
      <datafield ind1=" " ind2="4" tag="050">
         <subfield code="a">BF698</subfield>
         <subfield code="b">.A647 2015</subfield>
      </datafield>
      <datafield ind1="0" ind2="4" tag="082">
         <subfield code="a">155.2</subfield>
         <subfield code="2">23</subfield>
      </datafield>
      <datafield ind1=" " ind2=" " tag="090">
         <subfield code="a">Internet Access</subfield>
         <subfield code="b">AEU</subfield>
      </datafield>
      <datafield ind1=" " ind2=" " tag="090">
         <subfield code="a">Internet Access</subfield>
         <subfield code="b">AEC</subfield>
      </datafield>
      <datafield ind1=" " ind2=" " tag="090">
         <subfield code="a">Internet Access</subfield>
         <subfield code="b">AEGMCT</subfield>
      </datafield>
      <datafield ind1="0" ind2="0" tag="245">
         <subfield code="a">APA handbook of personality and social psychology.</subfield>
         <subfield code="n">Vol. 3,</subfield>
         <subfield code="p">Interpersonal relations</subfield>
         <subfield code="h">[electronic resource] /</subfield>
         <subfield code="c">Mario Mikulincer ... [et. al], editors-in-chief.</subfield>
      </datafield>
      <datafield ind1="3" ind2="0" tag="246">
         <subfield code="a">Handbook of personality and social psychology</subfield>
      </datafield>
      <datafield ind1="3" ind2="0" tag="246">
         <subfield code="a">Personality and social psychology</subfield>
      </datafield>
      <datafield ind1=" " ind2=" " tag="250">
         <subfield code="a">1st ed.</subfield>
      </datafield>
      <datafield ind1=" " ind2=" " tag="260">
         <subfield code="a">Washington, D.C. :</subfield>
         <subfield code="b">American Psychological Association,</subfield>
         <subfield code="c">2015.</subfield>
      </datafield>
      <datafield ind1=" " ind2=" " tag="300">
         <subfield code="a">1 online resource (xxix, 668 p.)</subfield>
      </datafield>
      <datafield ind1=" " ind2=" " tag="336">
         <subfield code="a">text</subfield>
         <subfield code="b">txt</subfield>
         <subfield code="2">rdacontent</subfield>
         <subfield code="0">http://id.loc.gov/vocabulary/contentTypes/txt</subfield>
      </datafield>
      <datafield ind1=" " ind2=" " tag="337">
         <subfield code="a">computer</subfield>
         <subfield code="b">c</subfield>
         <subfield code="2">rdamedia</subfield>
         <subfield code="0">http://id.loc.gov/vocabulary/mediaTypes/c</subfield>
      </datafield>
      <datafield ind1=" " ind2=" " tag="338">
         <subfield code="a">online resource</subfield>
         <subfield code="b">cr</subfield>
         <subfield code="2">rdacarrier</subfield>
         <subfield code="0">http://id.loc.gov/vocabulary/carriers/cr</subfield>
      </datafield>
      <datafield ind1="1" ind2=" " tag="490">
         <subfield code="a">APA handbooks in psychology</subfield>
      </datafield>
      <datafield ind1=" " ind2=" " tag="504">
         <subfield code="a">Includes bibliographical references and index.</subfield>
      </datafield>
      <datafield ind1=" " ind2=" " tag="520">
         <subfield code="a">"When planning this volume, we (the editors) wanted to showcase some of the leading theoretical and empirical work that has been conducted in the rapidly expanding field of interpersonal relationships. We also wanted to identify a few of the most significant and potentially promising new directions for future research in various areas. After surveying the field, we identified seven broad areas in which especially good, interesting, and promising relationship-relevant research was occurring. These areas are organized around seven major themes: (a) major theoretical approaches, (b) biological-health approaches, (c) attraction- relationship development, (d) motivation-emotion, (e) communication-support-power, (f) friendship and love¿sexuality, and (g) relationship maintenance-dissolution. The authors invited to write chapters for the volume were chosen in part to represent the diverse array of disciplines within relationship science, including clinical psychology, health psychology, social and personality psychology, family social science, communication studies, sociology, neuroscience, human sexuality, and marketing. We wanted to assemble authors from a broad array of disciplines so that wider swaths of the theoretical and empirical literature in relationship science would be covered. The authors were given a set of instructions before writing their chapters. We requested that each chapter be structured to accomplish three goals: (a) highlighting the most important principles, ideas, and findings relevant to the topic of the chapter; (b) identifying the most important and novel emerging themes or issues relevant to the topic; and (c) proposing new, promising directions for future research"--Introduction. (PsycINFO Database Record (c) 2014 APA, all rights reserved).</subfield>
      </datafield>
      <datafield ind1=" " ind2=" " tag="533">
         <subfield code="a">Electronic reproduction.</subfield>
         <subfield code="b">Washington, D.C. :</subfield>
         <subfield code="c">American Psychological Association,</subfield>
         <subfield code="d">2014.</subfield>
         <subfield code="n">Available via World Wide Web.</subfield>
         <subfield code="n">Access limited by licensing agreement.</subfield>
         <subfield code="7">s2014 dcunns</subfield>
      </datafield>
      <datafield ind1=" " ind2=" " tag="596">
         <subfield code="a">21 44 57</subfield>
      </datafield>
      <datafield ind1=" " ind2="0" tag="650">
         <subfield code="a">Personality.</subfield>
         <subfield code="0">http://id.loc.gov/authorities/subjects/sh85100113</subfield>
      </datafield>
      <datafield ind1=" " ind2="0" tag="650">
         <subfield code="a">Social psychology.</subfield>
         <subfield code="0">http://id.loc.gov/authorities/subjects/sh85123994</subfield>
      </datafield>
      <datafield ind1=" " ind2="2" tag="650">
         <subfield code="a">Psychology, Social.</subfield>
         <subfield code="0">http://id.nlm.nih.gov/mesh/D011593</subfield>
      </datafield>
      <datafield ind1="1" ind2=" " tag="700">
         <subfield code="a">Mikulincer, Mario.</subfield>
         <subfield code="0">http://id.loc.gov/authorities/names/n94081382</subfield>
         <subfield code="0">http://viaf.org/viaf/44550666</subfield>
      </datafield>
      <datafield ind1="2" ind2=" " tag="710">
         <subfield code="a">American Psychological Association.</subfield>
         <subfield code="0">http://id.loc.gov/authorities/names/n80126082</subfield>
         <subfield code="0">http://viaf.org/viaf/153428680</subfield>
      </datafield>
      <datafield ind1=" " ind2=" " tag="758">
         <subfield code="0">http://worldcat.org/entity/work/id/7855909</subfield>
      </datafield>
      <datafield ind1="0" ind2=" " tag="787">
         <subfield code="n">OCLC Work Id</subfield>
         <subfield code="o">http://worldcat.org/entity/work/id/7855909</subfield>
      </datafield>
      <datafield ind1=" " ind2="0" tag="830">
         <subfield code="a">APA handbooks in psychology.</subfield>
         <subfield code="0">http://id.loc.gov/authorities/names/n2011186848</subfield>
      </datafield>
      <datafield ind1="4" ind2="0" tag="856">
         <subfield code="3">University of Alberta Access</subfield>
         <subfield code="u">http://ovidsp.ovid.com/ovidweb.cgi?T=JS&amp;NEWS=N&amp;PAGE=toc&amp;SEARCH=2013-35884.dd&amp;LINKTYPE=asBody&amp;D=psbk</subfield>
      </datafield>
      <datafield ind1="4" ind2="0" tag="856">
         <subfield code="3">MacEwan University Access</subfield>
         <subfield code="u">http://search.ebscohost.com/direct.asp?db=pzh&amp;jid=%22201335884%22&amp;scope=site</subfield>
      </datafield>
      <datafield ind1="4" ind2="0" tag="856">
         <subfield code="3">Concordia University of Edmonton Access</subfield>
         <subfield code="u">http://search.ebscohost.com/login.aspx?direct=true&amp;db=pzh&amp;jid=201335884&amp;site=ehost-live</subfield>
      </datafield>
      <datafield ind1=" " ind2=" " tag="949">
         <subfield code="h">UAIN</subfield>
         <subfield code="z">PSYCBOOKS</subfield>
      </datafield>
      <datafield ind1=" " ind2=" " tag="949">
         <subfield code="h">UAIN</subfield>
         <subfield code="m">CONCORDIA</subfield>
         <subfield code="z">PSYCBKSCON</subfield>
      </datafield>
      <datafield ind1=" " ind2=" " tag="949">
         <subfield code="h">UAIN</subfield>
         <subfield code="m">GR_MAC_INT</subfield>
         <subfield code="z">PSYCBKSGM</subfield>
      </datafield>
      <datafield ind1=" " ind2=" " tag="926">
         <subfield code="a">Internet Access</subfield>
         <subfield code="w">LC</subfield>
         <subfield code="c">1</subfield>
         <subfield code="i">6659357-1001</subfield>
         <subfield code="l">INTERNET</subfield>
         <subfield code="m">UAINTERNET</subfield>
         <subfield code="r">Y</subfield>
         <subfield code="s">Y</subfield>
         <subfield code="t">E-RESOURCE</subfield>
         <subfield code="u">8/12/2014</subfield>
         <subfield code="x">E-BOOK</subfield>
         <subfield code="z">PSYCBOOKS</subfield>
      </datafield>
      <datafield ind1=" " ind2=" " tag="926">
         <subfield code="a">Internet Access</subfield>
         <subfield code="w">LC</subfield>
         <subfield code="c">1</subfield>
         <subfield code="i">6659357-2001</subfield>
         <subfield code="l">INTERNET</subfield>
         <subfield code="m">CONCORDIA</subfield>
         <subfield code="r">Y</subfield>
         <subfield code="s">Y</subfield>
         <subfield code="t">E-RESOURCE</subfield>
         <subfield code="u">8/12/2014</subfield>
         <subfield code="x">E-BOOK</subfield>
         <subfield code="z">PSYCBKSCON</subfield>
      </datafield>
      <datafield ind1=" " ind2=" " tag="926">
         <subfield code="a">Internet Access</subfield>
         <subfield code="w">LC</subfield>
         <subfield code="c">1</subfield>
         <subfield code="i">6659357-3001</subfield>
         <subfield code="l">INTERNET</subfield>
         <subfield code="m">GR_MAC_INT</subfield>
         <subfield code="r">Y</subfield>
         <subfield code="s">Y</subfield>
         <subfield code="t">E-RESOURCE</subfield>
         <subfield code="u">8/12/2014</subfield>
         <subfield code="x">E-BOOK</subfield>
         <subfield code="z">PSYCBKSGM</subfield>
      </datafield>
   </record>
</collection>
